
@article{leinonen2010,
	title = {The Sequence Read Archive},
	author = {Leinonen, R. and Sugawara, H. and Shumway, M. and , },
	year = {2010},
	month = {11},
	date = {2010-11-09},
	journal = {Nucleic Acids Research},
	pages = {D19--D21},
	volume = {39},
	number = {Database},
	doi = {10.1093/nar/gkq1019},
	url = {http://dx.doi.org/10.1093/nar/gkq1019},
	langid = {en}
}

@article{thegala2022,
	title = {The Galaxy platform for accessible, reproducible and collaborative biomedical analyses: 2022 update},
	author = {,  and Afgan, Enis and Nekrutenko, Anton and {Grüning}, {Bjórn A} and Blankenberg, Daniel and Goecks, Jeremy and Schatz, Michael C and Ostrovsky, Alexander E and Mahmoud, Alexandru and Lonie, Andrew J and Syme, Anna and Fouilloux, Anne and Bretaudeau, Anthony and Nekrutenko, Anton and Kumar, Anup and Eschenlauer, Arthur C and DeSanto, Assunta D and Guerler, Aysam and Serrano-Solano, Beatriz and Batut, {Bérénice} and {Grüning}, {Björn A} and Langhorst, Bradley W and Carr, Bridget and Raubenolt, Bryan A and Hyde, Cameron J and Bromhead, Catherine J and Barnett, Christopher B and Royaux, Coline and Gallardo, {Cristóbal} and Blankenberg, Daniel and Fornika, Daniel J and Baker, Dannon and Bouvier, Dave and Clements, Dave and de Lima Morais, David A and Tabernero, David Lopez and Lariviere, Delphine and Nasr, Engy and Afgan, Enis and Zambelli, Federico and Heyl, Florian and Psomopoulos, Fotis and Coppens, Frederik and Price, Gareth R and Cuccuru, Gianmauro and {Corguillé}, Gildas Le and Von Kuster, Greg and Akbulut, Gulsum Gudukbay and Rasche, Helena and Hotz, Hans-Rudolf and Eguinoa, Ignacio and Makunin, Igor and Ranawaka, Isuru J and Taylor, James P and Joshi, Jayadev and Hillman-Jackson, Jennifer and Goecks, Jeremy and Chilton, John M and Kamali, Kaivan and Suderman, Keith and Poterlowicz, Krzysztof and Yvan, Le Bras and Lopez-Delisle, Lucille and Sargent, Luke and Bassetti, Madeline E and Tangaro, Marco Antonio and van den Beek, Marius and {{\v{C}}ech}, Martin and Bernt, Matthias and Fahrner, Matthias and Tekman, Mehmet and {Föll}, Melanie C and Schatz, Michael C and Crusoe, Michael R and Roncoroni, Miguel and Kucher, Natalie and Coraor, Nate and Stoler, Nicholas and Rhodes, Nick and Soranzo, Nicola and Pinter, Niko and Goonasekera, Nuwan A and Moreno, Pablo A and Videm, Pavankumar and Melanie, Petera and Mandreoli, Pietro and Jagtap, Pratik D and Gu, Qiang and Weber, Ralf J M and Lazarus, Ross and Vorderman, Ruben H P and Hiltemann, Saskia and Golitsynskiy, Sergey and Garg, Shilpa and Bray, Simon A and Gladman, Simon L and Leo, Simone and Mehta, Subina P and Griffin, Timothy J and Jalili, Vahid and Yves, Vandenbrouck and Wen, Victor and Nagampalli, Vijay K and Bacon, Wendi A and de Koning, Willem and Maier, Wolfgang and Briggs, Peter J},
	year = {2022},
	month = {04},
	date = {2022-04-21},
	journal = {Nucleic Acids Research},
	pages = {W345--W351},
	volume = {50},
	number = {W1},
	doi = {10.1093/nar/gkac247},
	url = {http://dx.doi.org/10.1093/nar/gkac247},
	langid = {en}
}

@article{fu2019,
	title = {FOXA1 upregulation promotes enhancer and transcriptional reprogramming in endocrine-resistant breast cancer},
	author = {Fu, Xiaoyong and Pereira, Resel and De Angelis, Carmine and Veeraraghavan, Jamunarani and Nanda, Sarmistha and Qin, Lanfang and Cataldo, Maria L. and Sethunath, Vidyalakshmi and Mehravaran, Sepideh and Gutierrez, Carolina and Chamness, Gary C. and Feng, Qin and {O{\textquoteright}Malley}, Bert W. and Selenica, Pier and Weigelt, Britta and Reis-Filho, Jorge S. and Cohen, Ofir and Wagle, Nikhil and Nardone, Agostina and Jeselsohn, Rinath and Brown, Myles and Rimawi, Mothaffar F. and Osborne, C. Kent and Schiff, Rachel},
	year = {2019},
	month = {12},
	date = {2019-12-11},
	journal = {Proceedings of the National Academy of Sciences},
	pages = {26823--26834},
	volume = {116},
	number = {52},
	doi = {10.1073/pnas.1911584116},
	url = {http://dx.doi.org/10.1073/pnas.1911584116},
	langid = {en}
}

@article{lerdrup2016,
	title = {An interactive environment for agile analysis and visualization of ChIP-sequencing data},
	author = {Lerdrup, Mads and Johansen, Jens Vilstrup and Agrawal-Singh, Shuchi and Hansen, Klaus},
	year = {2016},
	month = {02},
	date = {2016-02-29},
	journal = {Nature Structural & Molecular Biology},
	pages = {349--357},
	volume = {23},
	number = {4},
	doi = {10.1038/nsmb.3180},
	url = {http://dx.doi.org/10.1038/nsmb.3180},
	langid = {en}
}
